@inproceedings{Agrawal:1994:FAM:645920.672836,
 author = {Agrawal, Rakesh and Srikant, Ramakrishnan},
 title = {Fast Algorithms for Mining Association Rules in Large Databases},
 booktitle = {Proceedings of the 20th International Conference on Very Large Data Bases},
 series = {VLDB '94},
 year = {1994},
 isbn = {1-55860-153-8},
 pages = {487--499},
 numpages = {13},
 url = {http://dl.acm.org/citation.cfm?id=645920.672836},
 acmid = {672836},
 publisher = {Morgan Kaufmann Publishers Inc.},
 address = {San Francisco, CA, USA},
} 
@book{Han,
  Author = {Jiawei Han and Micheline Kamber and Jian Pei},
  Title = {Data Mining: Concepts and Techniques (The Morgan Kaufmann Series in Data Management Systems)},
  Publisher = {Morgan Kaufmann},
  Year = {2011},
  ISBN = {9780123814791},
  URL = {https://www.amazon.com/Data-Mining-Concepts-Techniques-Management/dp/0123814790?SubscriptionId=AKIAIOBINVZYXZQZ2U3A&tag=chimbori05-20&linkCode=xm2&camp=2025&creative=165953&creativeASIN=0123814790}
} 
@article{Hanfp,
  doi = {10.1145/335191.335372},
  url = {https://doi.org/10.1145/335191.335372},
  year  = {2000},
  month = {jun},
  publisher = {Association for Computing Machinery ({ACM})},
  volume = {29},
  number = {2},
  pages = {1--12},
  author = {Jiawei Han and Jian Pei and Yiwen Yin},
  title = {Mining frequent patterns without candidate generation},
  journal = {{ACM} {SIGMOD} Record}
}
